@online{leahy2020coronavirus,
  title={Coronavirus: Schools, colleges and childcare facilities in Ireland to shut},
  author={Leahy, Pat and Cullen, Paul and Lynch, Suzanne and Kelly, Fiach},
  journal={The Irish Times},
  year={2020},
  note={‘Acting together, as one nation, we can save many lives’: Taoiseach announces measures},
  url={https://www.irishtimes.com/news/health/coronavirus-schools-colleges-and-childcare-facilities-in-ireland-to-shut-1.4200977},
  urldate={2023-12-30},
  month={3},
  day={12}
}
@online{molony2022almost,
  title={Almost all Covid measures to end next week, Cabinet agrees},
  author={Molony, Senan and Donnelly, Katherine},
  journal={The Irish Independent},
  year={2022},
  month={2},
  day={22},
  url={https://www.independent.ie/irish-news/almost-all-covid-measures-to-end-next-week-cabinet-agrees/41371530.html},
  urldate={2023-12-30}
}
@online{ginty2023dublinbikes,
  author={Ginty, Cian},
  title={DublinBikes use, after being hard-hit by pandemic, only started recovering in 2022},
  year={2023},
  month={2},
  day={22},
  publisher={irishcycle.com},
  url={https://irishcycle.com/2023/02/22/dublinbikes-usage-only-started-recovering-last-year-after-being-hard-hit-by-pandemic/},
  urldate={2023-12-30}
}

